%YAML 1.1
%TAG !u! tag:unity3d.com,2011:
--- !u!1 &1146554924993065001
GameObject:
  m_ObjectHideFlags: 0
  m_CorrespondingSourceObject: {fileID: 0}
  m_PrefabInstance: {fileID: 0}
  m_PrefabAsset: {fileID: 0}
  serializedVersion: 6
  m_Component:
  - component: {fileID: 6399657708397223123}
  m_Layer: 0
  m_Name: InstatitateBoom
  m_TagString: Untagged
  m_Icon: {fileID: 0}
  m_NavMeshLayer: 0
  m_StaticEditorFlags: 0
  m_IsActive: 1
--- !u!4 &6399657708397223123
Transform:
  m_ObjectHideFlags: 0
  m_CorrespondingSourceObject: {fileID: 0}
  m_PrefabInstance: {fileID: 0}
  m_PrefabAsset: {fileID: 0}
  m_GameObject: {fileID: 1146554924993065001}
  m_LocalRotation: {x: 0, y: 0, z: 0, w: 1}
  m_LocalPosition: {x: 0, y: 0, z: 0}
  m_LocalScale: {x: 1, y: 1, z: 1}
  m_Children: []
  m_Father: {fileID: 3820152304645796241}
  m_RootOrder: 0
  m_LocalEulerAnglesHint: {x: 0, y: 0, z: 0}
--- !u!1 &3820152304645796244
GameObject:
  m_ObjectHideFlags: 0
  m_CorrespondingSourceObject: {fileID: 0}
  m_PrefabInstance: {fileID: 0}
  m_PrefabAsset: {fileID: 0}
  serializedVersion: 6
  m_Component:
  - component: {fileID: 3820152304645796241}
  - component: {fileID: 3820152304645796242}
  - component: {fileID: 3820152304645796243}
  - component: {fileID: 1989853367}
  - component: {fileID: 2055707927318491879}
  - component: {fileID: 1430977719}
  m_Layer: 0
  m_Name: GameObject
  m_TagString: Untagged
  m_Icon: {fileID: 0}
  m_NavMeshLayer: 0
  m_StaticEditorFlags: 0
  m_IsActive: 1
--- !u!4 &3820152304645796241
Transform:
  m_ObjectHideFlags: 0
  m_CorrespondingSourceObject: {fileID: 0}
  m_PrefabInstance: {fileID: 0}
  m_PrefabAsset: {fileID: 0}
  m_GameObject: {fileID: 3820152304645796244}
  m_LocalRotation: {x: 0, y: 0, z: 0, w: 1}
  m_LocalPosition: {x: 15.335282, y: 1.1131475, z: -18.265453}
  m_LocalScale: {x: 2, y: 2, z: 2}
  m_Children:
  - {fileID: 6399657708397223123}
  m_Father: {fileID: 0}
  m_RootOrder: 0
  m_LocalEulerAnglesHint: {x: 0, y: 0, z: 0}
--- !u!212 &3820152304645796242
SpriteRenderer:
  m_ObjectHideFlags: 0
  m_CorrespondingSourceObject: {fileID: 0}
  m_PrefabInstance: {fileID: 0}
  m_PrefabAsset: {fileID: 0}
  m_GameObject: {fileID: 3820152304645796244}
  m_Enabled: 1
  m_CastShadows: 0
  m_ReceiveShadows: 0
  m_DynamicOccludee: 1
  m_MotionVectors: 1
  m_LightProbeUsage: 1
  m_ReflectionProbeUsage: 1
  m_RayTracingMode: 0
  m_RenderingLayerMask: 1
  m_RendererPriority: 0
  m_Materials:
  - {fileID: 10754, guid: 0000000000000000f000000000000000, type: 0}
  m_StaticBatchInfo:
    firstSubMesh: 0
    subMeshCount: 0
  m_StaticBatchRoot: {fileID: 0}
  m_ProbeAnchor: {fileID: 0}
  m_LightProbeVolumeOverride: {fileID: 0}
  m_ScaleInLightmap: 1
  m_ReceiveGI: 1
  m_PreserveUVs: 0
  m_IgnoreNormalsForChartDetection: 0
  m_ImportantGI: 0
  m_StitchLightmapSeams: 1
  m_SelectedEditorRenderState: 0
  m_MinimumChartSize: 4
  m_AutoUVMaxDistance: 0.5
  m_AutoUVMaxAngle: 89
  m_LightmapParameters: {fileID: 0}
  m_SortingLayerID: 0
  m_SortingLayer: 0
  m_SortingOrder: 0
  m_Sprite: {fileID: 7271486937958625801, guid: 33593ca4378db1f4585c3da6aba269ad,
    type: 3}
  m_Color: {r: 1, g: 1, b: 1, a: 1}
  m_FlipX: 0
  m_FlipY: 0
  m_DrawMode: 0
  m_Size: {x: 0.76002383, y: 0.56}
  m_AdaptiveModeThreshold: 0.5
  m_SpriteTileMode: 0
  m_WasSpriteAssigned: 1
  m_MaskInteraction: 0
  m_SpriteSortPoint: 0
--- !u!95 &3820152304645796243
Animator:
  serializedVersion: 3
  m_ObjectHideFlags: 0
  m_CorrespondingSourceObject: {fileID: 0}
  m_PrefabInstance: {fileID: 0}
  m_PrefabAsset: {fileID: 0}
  m_GameObject: {fileID: 3820152304645796244}
  m_Enabled: 1
  m_Avatar: {fileID: 0}
  m_Controller: {fileID: 9100000, guid: 092126598c18afc4894ab62a26c68147, type: 2}
  m_CullingMode: 0
  m_UpdateMode: 0
  m_ApplyRootMotion: 0
  m_LinearVelocityBlending: 0
  m_WarningMessage: 
  m_HasTransformHierarchy: 1
  m_AllowConstantClipSamplingOptimization: 1
  m_KeepAnimatorControllerStateOnDisable: 0
--- !u!68 &1989853367
EdgeCollider2D:
  m_ObjectHideFlags: 0
  m_CorrespondingSourceObject: {fileID: 0}
  m_PrefabInstance: {fileID: 0}
  m_PrefabAsset: {fileID: 0}
  m_GameObject: {fileID: 3820152304645796244}
  m_Enabled: 1
  m_Density: 1
  m_Material: {fileID: 0}
  m_IsTrigger: 1
  m_UsedByEffector: 0
  m_UsedByComposite: 0
  m_Offset: {x: 0, y: 0}
  m_EdgeRadius: 0
  m_Points:
  - {x: -0.123894095, y: -0.14176637}
  - {x: -0.16962004, y: -0.07531886}
  - {x: -0.2796688, y: -0.0857721}
  - {x: -0.31514645, y: -0.06696506}
  - {x: -0.32845354, y: -0.035701916}
  - {x: -0.38045883, y: 0.07944983}
  - {x: -0.31025267, y: 0.13225591}
  - {x: -0.25087547, y: 0.111254334}
  - {x: -0.21348667, y: 0.055164814}
  - {x: -0.15104532, y: 0.05567956}
  - {x: -0.14672947, y: 0.0705522}
  - {x: -0.13050699, y: 0.16065726}
  - {x: -0.216218, y: 0.22633985}
  - {x: -0.07223654, y: 0.28617027}
  - {x: 0.117174625, y: 0.28705513}
  - {x: 0.3070979, y: 0.24783573}
  - {x: 0.28172636, y: 0.16527218}
  - {x: 0.33650446, y: 0.062859744}
  - {x: 0.3269906, y: -0.13846195}
  - {x: 0.386086, y: -0.13314778}
  - {x: 0.37294817, y: -0.25010133}
  - {x: 0.24118757, y: -0.26645184}
  - {x: 0.11387777, y: -0.26731938}
  - {x: 0.023973465, y: -0.2531493}
  - {x: -0.012744904, y: -0.21499743}
  - {x: -0.11131954, y: -0.15807746}
  - {x: -0.12725174, y: -0.13181801}
--- !u!114 &2055707927318491879
MonoBehaviour:
  m_ObjectHideFlags: 0
  m_CorrespondingSourceObject: {fileID: 0}
  m_PrefabInstance: {fileID: 0}
  m_PrefabAsset: {fileID: 0}
  m_GameObject: {fileID: 3820152304645796244}
  m_Enabled: 1
  m_EditorHideFlags: 0
  m_Script: {fileID: 11500000, guid: f3c93f4dc18381d44939ed465b8da440, type: 3}
  m_Name: 
  m_EditorClassIdentifier: 
  timer: 5
  anim: {fileID: 3820152304645796243}
  Bom: {fileID: 1303278517750734079, guid: fee809bfd3f49af408ef7f0fb319f339, type: 3}
  InstantitateBoom: {fileID: 1146554924993065001}
  leftLimit: {fileID: 0}
  rightLimit: {fileID: 0}
  Ranger: {fileID: 0}
  inRange: 0
  moveSpeed: 1
  rb: {fileID: 1430977719}
--- !u!50 &1430977719
Rigidbody2D:
  serializedVersion: 4
  m_ObjectHideFlags: 0
  m_CorrespondingSourceObject: {fileID: 0}
  m_PrefabInstance: {fileID: 0}
  m_PrefabAsset: {fileID: 0}
  m_GameObject: {fileID: 3820152304645796244}
  m_BodyType: 0
  m_Simulated: 1
  m_UseFullKinematicContacts: 0
  m_UseAutoMass: 0
  m_Mass: 0.0001
  m_LinearDrag: 0
  m_AngularDrag: 0
  m_GravityScale: 0
  m_Material: {fileID: 0}
  m_Interpolate: 0
  m_SleepingMode: 1
  m_CollisionDetection: 0
  m_Constraints: 0
