%YAML 1.1
%TAG !u! tag:unity3d.com,2011:
--- !u!1 &1958587387309615592
GameObject:
  m_ObjectHideFlags: 0
  m_CorrespondingSourceObject: {fileID: 0}
  m_PrefabInstance: {fileID: 0}
  m_PrefabAsset: {fileID: 0}
  serializedVersion: 6
  m_Component:
  - component: {fileID: 1958587387309615594}
  - component: {fileID: 1958587387309615595}
  m_Layer: 0
  m_Name: MissileTowersBase_0
  m_TagString: Untagged
  m_Icon: {fileID: 0}
  m_NavMeshLayer: 0
  m_StaticEditorFlags: 0
  m_IsActive: 1
--- !u!4 &1958587387309615594
Transform:
  m_ObjectHideFlags: 0
  m_CorrespondingSourceObject: {fileID: 0}
  m_PrefabInstance: {fileID: 0}
  m_PrefabAsset: {fileID: 0}
  m_GameObject: {fileID: 1958587387309615592}
  m_LocalRotation: {x: 0, y: -0.00034904052, z: 0, w: 0.99999994}
  m_LocalPosition: {x: 15.78, y: -1.75, z: 0}
  m_LocalScale: {x: 1.25, y: 1.12, z: 1}
  m_Children:
  - {fileID: 1958587388742347245}
  - {fileID: 1958587387803829924}
  - {fileID: 1958587389286721273}
  m_Father: {fileID: 0}
  m_RootOrder: 0
  m_LocalEulerAnglesHint: {x: 0, y: -0.04, z: 0}
--- !u!212 &1958587387309615595
SpriteRenderer:
  m_ObjectHideFlags: 0
  m_CorrespondingSourceObject: {fileID: 0}
  m_PrefabInstance: {fileID: 0}
  m_PrefabAsset: {fileID: 0}
  m_GameObject: {fileID: 1958587387309615592}
  m_Enabled: 1
  m_CastShadows: 0
  m_ReceiveShadows: 0
  m_DynamicOccludee: 1
  m_MotionVectors: 1
  m_LightProbeUsage: 1
  m_ReflectionProbeUsage: 1
  m_RayTracingMode: 0
  m_RenderingLayerMask: 1
  m_RendererPriority: 0
  m_Materials:
  - {fileID: 10754, guid: 0000000000000000f000000000000000, type: 0}
  m_StaticBatchInfo:
    firstSubMesh: 0
    subMeshCount: 0
  m_StaticBatchRoot: {fileID: 0}
  m_ProbeAnchor: {fileID: 0}
  m_LightProbeVolumeOverride: {fileID: 0}
  m_ScaleInLightmap: 1
  m_ReceiveGI: 1
  m_PreserveUVs: 0
  m_IgnoreNormalsForChartDetection: 0
  m_ImportantGI: 0
  m_StitchLightmapSeams: 1
  m_SelectedEditorRenderState: 0
  m_MinimumChartSize: 4
  m_AutoUVMaxDistance: 0.5
  m_AutoUVMaxAngle: 89
  m_LightmapParameters: {fileID: 0}
  m_SortingLayerID: 0
  m_SortingLayer: 0
  m_SortingOrder: -1
  m_Sprite: {fileID: 21300000, guid: 889cd7eb60ac9b4448d0b1db11ee2335, type: 3}
  m_Color: {r: 1, g: 1, b: 1, a: 1}
  m_FlipX: 0
  m_FlipY: 0
  m_DrawMode: 0
  m_Size: {x: 3.7, y: 1.16}
  m_AdaptiveModeThreshold: 0.5
  m_SpriteTileMode: 0
  m_WasSpriteAssigned: 1
  m_MaskInteraction: 0
  m_SpriteSortPoint: 0
--- !u!1001 &993422724910478341
PrefabInstance:
  m_ObjectHideFlags: 0
  serializedVersion: 2
  m_Modification:
    m_TransformParent: {fileID: 1958587387309615594}
    m_Modifications:
    - target: {fileID: 1650310251831549416, guid: c8e02e8222ea8a64e8fb9140515cf11d,
        type: 3}
      propertyPath: m_LocalPosition.x
      value: 1.41
      objectReference: {fileID: 0}
    - target: {fileID: 1650310251831549416, guid: c8e02e8222ea8a64e8fb9140515cf11d,
        type: 3}
      propertyPath: m_LocalPosition.y
      value: 1.0933136
      objectReference: {fileID: 0}
    - target: {fileID: 1650310251831549416, guid: c8e02e8222ea8a64e8fb9140515cf11d,
        type: 3}
      propertyPath: m_LocalPosition.z
      value: 0
      objectReference: {fileID: 0}
    - target: {fileID: 1650310251831549416, guid: c8e02e8222ea8a64e8fb9140515cf11d,
        type: 3}
      propertyPath: m_LocalRotation.x
      value: -0
      objectReference: {fileID: 0}
    - target: {fileID: 1650310251831549416, guid: c8e02e8222ea8a64e8fb9140515cf11d,
        type: 3}
      propertyPath: m_LocalRotation.y
      value: -0
      objectReference: {fileID: 0}
    - target: {fileID: 1650310251831549416, guid: c8e02e8222ea8a64e8fb9140515cf11d,
        type: 3}
      propertyPath: m_LocalRotation.z
      value: -0
      objectReference: {fileID: 0}
    - target: {fileID: 1650310251831549416, guid: c8e02e8222ea8a64e8fb9140515cf11d,
        type: 3}
      propertyPath: m_LocalRotation.w
      value: 1
      objectReference: {fileID: 0}
    - target: {fileID: 1650310251831549416, guid: c8e02e8222ea8a64e8fb9140515cf11d,
        type: 3}
      propertyPath: m_RootOrder
      value: 0
      objectReference: {fileID: 0}
    - target: {fileID: 1650310251831549416, guid: c8e02e8222ea8a64e8fb9140515cf11d,
        type: 3}
      propertyPath: m_LocalEulerAnglesHint.x
      value: 0
      objectReference: {fileID: 0}
    - target: {fileID: 1650310251831549416, guid: c8e02e8222ea8a64e8fb9140515cf11d,
        type: 3}
      propertyPath: m_LocalEulerAnglesHint.y
      value: 0
      objectReference: {fileID: 0}
    - target: {fileID: 1650310251831549416, guid: c8e02e8222ea8a64e8fb9140515cf11d,
        type: 3}
      propertyPath: m_LocalEulerAnglesHint.z
      value: 0
      objectReference: {fileID: 0}
    - target: {fileID: 1650310251831549419, guid: c8e02e8222ea8a64e8fb9140515cf11d,
        type: 3}
      propertyPath: heal
      value: 5
      objectReference: {fileID: 0}
    - target: {fileID: 1650310251831549423, guid: c8e02e8222ea8a64e8fb9140515cf11d,
        type: 3}
      propertyPath: m_Name
      value: towers-day_2
      objectReference: {fileID: 0}
    - target: {fileID: 1650310251831549423, guid: c8e02e8222ea8a64e8fb9140515cf11d,
        type: 3}
      propertyPath: m_IsActive
      value: 1
      objectReference: {fileID: 0}
    m_RemovedComponents: []
  m_SourcePrefab: {fileID: 100100000, guid: c8e02e8222ea8a64e8fb9140515cf11d, type: 3}
--- !u!4 &1958587388742347245 stripped
Transform:
  m_CorrespondingSourceObject: {fileID: 1650310251831549416, guid: c8e02e8222ea8a64e8fb9140515cf11d,
    type: 3}
  m_PrefabInstance: {fileID: 993422724910478341}
  m_PrefabAsset: {fileID: 0}
--- !u!1001 &5551089036431491278
PrefabInstance:
  m_ObjectHideFlags: 0
  serializedVersion: 2
  m_Modification:
    m_TransformParent: {fileID: 1958587387309615594}
    m_Modifications:
    - target: {fileID: 6207968868548937322, guid: 710b1afa69696b84ab80c43a0cd02012,
        type: 3}
      propertyPath: m_LocalPosition.x
      value: 0.38
      objectReference: {fileID: 0}
    - target: {fileID: 6207968868548937322, guid: 710b1afa69696b84ab80c43a0cd02012,
        type: 3}
      propertyPath: m_LocalPosition.y
      value: 1.09
      objectReference: {fileID: 0}
    - target: {fileID: 6207968868548937322, guid: 710b1afa69696b84ab80c43a0cd02012,
        type: 3}
      propertyPath: m_LocalPosition.z
      value: 0
      objectReference: {fileID: 0}
    - target: {fileID: 6207968868548937322, guid: 710b1afa69696b84ab80c43a0cd02012,
        type: 3}
      propertyPath: m_LocalRotation.x
      value: -0
      objectReference: {fileID: 0}
    - target: {fileID: 6207968868548937322, guid: 710b1afa69696b84ab80c43a0cd02012,
        type: 3}
      propertyPath: m_LocalRotation.y
      value: -0
      objectReference: {fileID: 0}
    - target: {fileID: 6207968868548937322, guid: 710b1afa69696b84ab80c43a0cd02012,
        type: 3}
      propertyPath: m_LocalRotation.z
      value: -0
      objectReference: {fileID: 0}
    - target: {fileID: 6207968868548937322, guid: 710b1afa69696b84ab80c43a0cd02012,
        type: 3}
      propertyPath: m_LocalRotation.w
      value: 1
      objectReference: {fileID: 0}
    - target: {fileID: 6207968868548937322, guid: 710b1afa69696b84ab80c43a0cd02012,
        type: 3}
      propertyPath: m_RootOrder
      value: 1
      objectReference: {fileID: 0}
    - target: {fileID: 6207968868548937322, guid: 710b1afa69696b84ab80c43a0cd02012,
        type: 3}
      propertyPath: m_LocalEulerAnglesHint.x
      value: 0
      objectReference: {fileID: 0}
    - target: {fileID: 6207968868548937322, guid: 710b1afa69696b84ab80c43a0cd02012,
        type: 3}
      propertyPath: m_LocalEulerAnglesHint.y
      value: 0
      objectReference: {fileID: 0}
    - target: {fileID: 6207968868548937322, guid: 710b1afa69696b84ab80c43a0cd02012,
        type: 3}
      propertyPath: m_LocalEulerAnglesHint.z
      value: 0
      objectReference: {fileID: 0}
    - target: {fileID: 6207968868548937323, guid: 710b1afa69696b84ab80c43a0cd02012,
        type: 3}
      propertyPath: m_Name
      value: towers-day_1
      objectReference: {fileID: 0}
    - target: {fileID: 6207968868548937323, guid: 710b1afa69696b84ab80c43a0cd02012,
        type: 3}
      propertyPath: m_IsActive
      value: 1
      objectReference: {fileID: 0}
    - target: {fileID: 6207968868548937335, guid: 710b1afa69696b84ab80c43a0cd02012,
        type: 3}
      propertyPath: heal
      value: 7
      objectReference: {fileID: 0}
    m_RemovedComponents: []
  m_SourcePrefab: {fileID: 100100000, guid: 710b1afa69696b84ab80c43a0cd02012, type: 3}
--- !u!4 &1958587387803829924 stripped
Transform:
  m_CorrespondingSourceObject: {fileID: 6207968868548937322, guid: 710b1afa69696b84ab80c43a0cd02012,
    type: 3}
  m_PrefabInstance: {fileID: 5551089036431491278}
  m_PrefabAsset: {fileID: 0}
--- !u!1001 &6230128740702752564
PrefabInstance:
  m_ObjectHideFlags: 0
  serializedVersion: 2
  m_Modification:
    m_TransformParent: {fileID: 1958587387309615594}
    m_Modifications:
    - target: {fileID: 5574209280996059593, guid: 7fd0bb9eeb21ea7408ddbfc9de615bd6,
        type: 3}
      propertyPath: heal
      value: 5
      objectReference: {fileID: 0}
    - target: {fileID: 5574209280996059597, guid: 7fd0bb9eeb21ea7408ddbfc9de615bd6,
        type: 3}
      propertyPath: m_LocalPosition.x
      value: -0.71114665
      objectReference: {fileID: 0}
    - target: {fileID: 5574209280996059597, guid: 7fd0bb9eeb21ea7408ddbfc9de615bd6,
        type: 3}
      propertyPath: m_LocalPosition.y
      value: 1.0731775
      objectReference: {fileID: 0}
    - target: {fileID: 5574209280996059597, guid: 7fd0bb9eeb21ea7408ddbfc9de615bd6,
        type: 3}
      propertyPath: m_LocalPosition.z
      value: 0
      objectReference: {fileID: 0}
    - target: {fileID: 5574209280996059597, guid: 7fd0bb9eeb21ea7408ddbfc9de615bd6,
        type: 3}
      propertyPath: m_LocalRotation.x
      value: -0
      objectReference: {fileID: 0}
    - target: {fileID: 5574209280996059597, guid: 7fd0bb9eeb21ea7408ddbfc9de615bd6,
        type: 3}
      propertyPath: m_LocalRotation.y
      value: -0
      objectReference: {fileID: 0}
    - target: {fileID: 5574209280996059597, guid: 7fd0bb9eeb21ea7408ddbfc9de615bd6,
        type: 3}
      propertyPath: m_LocalRotation.z
      value: -0
      objectReference: {fileID: 0}
    - target: {fileID: 5574209280996059597, guid: 7fd0bb9eeb21ea7408ddbfc9de615bd6,
        type: 3}
      propertyPath: m_LocalRotation.w
      value: 1
      objectReference: {fileID: 0}
    - target: {fileID: 5574209280996059597, guid: 7fd0bb9eeb21ea7408ddbfc9de615bd6,
        type: 3}
      propertyPath: m_RootOrder
      value: 2
      objectReference: {fileID: 0}
    - target: {fileID: 5574209280996059597, guid: 7fd0bb9eeb21ea7408ddbfc9de615bd6,
        type: 3}
      propertyPath: m_LocalEulerAnglesHint.x
      value: 0
      objectReference: {fileID: 0}
    - target: {fileID: 5574209280996059597, guid: 7fd0bb9eeb21ea7408ddbfc9de615bd6,
        type: 3}
      propertyPath: m_LocalEulerAnglesHint.y
      value: 0
      objectReference: {fileID: 0}
    - target: {fileID: 5574209280996059597, guid: 7fd0bb9eeb21ea7408ddbfc9de615bd6,
        type: 3}
      propertyPath: m_LocalEulerAnglesHint.z
      value: 0
      objectReference: {fileID: 0}
    - target: {fileID: 5574209280996059602, guid: 7fd0bb9eeb21ea7408ddbfc9de615bd6,
        type: 3}
      propertyPath: m_Name
      value: towers-day_0
      objectReference: {fileID: 0}
    - target: {fileID: 5574209280996059602, guid: 7fd0bb9eeb21ea7408ddbfc9de615bd6,
        type: 3}
      propertyPath: m_IsActive
      value: 1
      objectReference: {fileID: 0}
    m_RemovedComponents: []
  m_SourcePrefab: {fileID: 100100000, guid: 7fd0bb9eeb21ea7408ddbfc9de615bd6, type: 3}
--- !u!4 &1958587389286721273 stripped
Transform:
  m_CorrespondingSourceObject: {fileID: 5574209280996059597, guid: 7fd0bb9eeb21ea7408ddbfc9de615bd6,
    type: 3}
  m_PrefabInstance: {fileID: 6230128740702752564}
  m_PrefabAsset: {fileID: 0}
